@book{shwartz_understanding_ml,
  author =       {Shai Shalev-Shwartz and Shai Ben-David},
  title =        {Understanding Machine Learning},
  year =         {2014},
  publisher =    {Cambridge University Press},
  url =          {http://www.cs.huji.ac.il/~shais/UnderstandingMachineLearning},
  pages =        {nil},
  series =       {nil},
}